<?xml version="1.0" encoding="UTF-8"?><collection xmlns="http://www.loc.gov/MARC21/slim"><record><leader>00362nam--2200133-i-4500</leader><controlfield tag="001">000001973</controlfield><controlfield tag="002">20161230</controlfield><controlfield tag="005">20161230201024</controlfield><controlfield tag="008">060222s1000------------r-----000-0-eng-d</controlfield><datafield ind1=" " ind2=" " tag="080"><subfield code="a">621.52</subfield></datafield><datafield ind1=" " ind2=" " tag="100"><subfield code="a">Espe, Werner</subfield></datafield><datafield ind1=" " ind2=" " tag="245"><subfield code="a">Werkstoffkunde der hochvakuumtechnik. silikatwerkstoffe</subfield></datafield><datafield ind1=" " ind2=" " tag="260"><subfield code="a">Berlin, Veb Deutscher Verlag Der Wiss., 1960. 730 P</subfield></datafield><datafield ind1=" " ind2=" " tag="852"><subfield code="a">7378</subfield></datafield></record></collection>